<?xml version="1.0" encoding="UTF-8"?><collection xmlns="http://www.loc.gov/MARC21/slim"><record><leader>00434nam--2200133-i-4500</leader><controlfield tag="001">000004938</controlfield><controlfield tag="002">20161230</controlfield><controlfield tag="005">20161230201026</controlfield><controlfield tag="008">060222s1000------------r-----000-0-eng-d</controlfield><datafield ind1=" " ind2=" " tag="100"><subfield code="a">Bovalini Enrico, Vallini Alfredo</subfield></datafield><datafield ind1=" " ind2=" " tag="245"><subfield code="a">Condizioni di protezione contro la corrosione per i materiali ferrosi, in presenza di agenti microbiologici</subfield></datafield><datafield ind1=" " ind2=" " tag="260"><subfield code="a">Milano, Soc.Edit.Riviste Ind.Eletriche, 1959, 7 P</subfield></datafield><datafield ind1=" " ind2=" " tag="490"><subfield code="a">No. 878</subfield></datafield><datafield ind1=" " ind2=" " tag="852"><subfield code="a">15246</subfield></datafield></record></collection>